@ARTICLE{ Eisenstein_BAOpeak_reconstruction,
   author = {{Eisenstein}, D.~J. and {Seo}, H.-J. and {Sirko}, E. and {Spergel}, D.~N.
	},
    title = "{Improving Cosmological Distance Measurements by Reconstruction of the Baryon Acoustic Peak}",
  journal = {\apj},
   eprint = {astro-ph/0604362},
 keywords = {Cosmology: Cosmic Microwave Background, Cosmology: Cosmological Parameters, Cosmology: Distance Scale, Cosmology: Large-Scale Structure of Universe},
     year = 2007,
    month = aug,
   volume = 664,
    pages = {675-679},
      doi = {10.1086/518712},
   adsurl = {http://adsabs.harvard.edu/abs/2007ApJ...664..675E},
  adsnote = {Provided by the SAO/NASA Astrophysics Data System}
}

@ARTICLE{Pontzen_paired_simulations,
   author = {{Pontzen}, A. and {Slosar}, A. and {Roth}, N. and {Peiris}, H.~V.
	},
    title = "{Inverted initial conditions: Exploring the growth of cosmic structure and voids}",
  journal = {\prd},
archivePrefix = "arXiv",
   eprint = {1511.04090},
     year = 2016,
    month = may,
   volume = 93,
   number = 10,
      eid = {103519},
    pages = {103519},
      doi = {10.1103/PhysRevD.93.103519},
   adsurl = {http://adsabs.harvard.edu/abs/2016PhRvD..93j3519P},
  adsnote = {Provided by the SAO/NASA Astrophysics Data System}
}

@ARTICLE{2012MNRAS.427.2132P,
   author = {{Padmanabhan}, N. and {Xu}, X. and {Eisenstein}, D.~J. and {Scalzo}, R. and 
	{Cuesta}, A.~J. and {Mehta}, K.~T. and {Kazin}, E.},
    title = "{A 2 per cent distance to z = 0.35 by reconstructing baryon acoustic oscillations - I. Methods and application to the Sloan Digital Sky Survey}",
  journal = {\mnras},
archivePrefix = "arXiv",
   eprint = {1202.0090},
 keywords = {cosmological parameters, cosmology: observations, dark energy, distance scale, large-scale structure of Universe},
     year = 2012,
    month = dec,
   volume = 427,
    pages = {2132-2145},
      doi = {10.1111/j.1365-2966.2012.21888.x},
   adsurl = {http://adsabs.harvard.edu/abs/2012MNRAS.427.2132P},
  adsnote = {Provided by the SAO/NASA Astrophysics Data System}
}

@MISC{2013ascl.soft05002P,
   author = {{Pontzen}, A. and {Ro{\v s}kar}, R. and {Stinson}, G. and {Woods}, R.
	},
    title = "{pynbody: N-Body/SPH analysis for python}",
 keywords = {Software},
howpublished = {Astrophysics Source Code Library},
     year = 2013,
    month = may,
archivePrefix = "ascl",
   eprint = {1305.002},
   adsurl = {http://adsabs.harvard.edu/abs/2013ascl.soft05002P},
  adsnote = {Provided by the SAO/NASA Astrophysics Data System}
}

@MISC{2017ascl.soft06006B,
   author = {{Bird}, S.},
    title = "{GenPK: Power spectrum generator}",
 keywords = {Software },
howpublished = {Astrophysics Source Code Library},
     year = 2017,
    month = jun,
archivePrefix = "ascl",
   eprint = {1706.006},
   adsurl = {http://adsabs.harvard.edu/abs/2017ascl.soft06006B},
  adsnote = {Provided by the SAO/NASA Astrophysics Data System}
}

@ARTICLE{2016ApJ...830...83C,
   author = {{Conselice}, C.~J. and {Wilkinson}, A. and {Duncan}, K. and 
	{Mortlock}, A.},
    title = "{The Evolution of Galaxy Number Density at z = 8 and Its Implications}",
  journal = {\apj},
archivePrefix = "arXiv",
   eprint = {1607.03909},
 keywords = {galaxies: evolution, galaxies: fundamental parameters, galaxies: general, galaxies: high-redshift, galaxies: luminosity function, mass function, galaxies: structure},
     year = 2016,
    month = oct,
   volume = 830,
      eid = {83},
    pages = {83},
      doi = {10.3847/0004-637X/830/2/83},
   adsurl = {http://adsabs.harvard.edu/abs/2016ApJ...830...83C},
  adsnote = {Provided by the SAO/NASA Astrophysics Data System}
}

@ARTICLE{2016A&A...594A..13P,
   author = {{Planck Collaboration} and {Ade}, P.~A.~R. and {Aghanim}, N. and 
	{Arnaud}, M. and {Ashdown}, M. and {Aumont}, J. and {Baccigalupi}, C. and 
	{Banday}, A.~J. and {Barreiro}, R.~B. and {Bartlett}, J.~G. and et al.},
    title = "{Planck 2015 results. XIII. Cosmological parameters}",
  journal = {\aap},
archivePrefix = "arXiv",
   eprint = {1502.01589},
 keywords = {cosmology: observations, cosmology: theory, cosmic background radiation, cosmological parameters},
     year = 2016,
    month = sep,
   volume = 594,
      eid = {A13},
    pages = {A13},
      doi = {10.1051/0004-6361/201525830},
   adsurl = {http://adsabs.harvard.edu/abs/2016A%26A...594A..13P},
  adsnote = {Provided by the SAO/NASA Astrophysics Data System}
}